<record><leader>00000cas a22000007a 4500</leader><controlfield tag="001">13909028</controlfield><controlfield tag="008">860721d19201922iauwr ne      0    0eng d</controlfield><datafield ind1=" " ind2=" " tag="010"><subfield code="a">sn 86061050 </subfield></datafield><datafield ind1=" " ind2=" " tag="040"><subfield code="a">INP</subfield><subfield code="b">eng</subfield><subfield code="c">INP</subfield><subfield code="d">DLC</subfield><subfield code="d">INP</subfield><subfield code="d">OCLCQ</subfield></datafield><datafield ind1=" " ind2=" " tag="042"><subfield code="a">msc</subfield></datafield><datafield ind1="0" ind2="0" tag="245"><subfield code="a">Combined issue of the Davis County Republican and Bloomfield Democrat.</subfield></datafield><datafield ind1="3" ind2="0" tag="246"><subfield code="a">Davis County Republican and Bloomfield Democrat</subfield></datafield><datafield ind1=" " ind2=" " tag="260"><subfield code="a">Bloomfield, Davis County, Iowa :</subfield><subfield code="b">K.D. Melcher, K.F. Baldridge and W.D. Allender,</subfield><subfield code="c">1920-1922.</subfield></datafield><datafield ind1=" " ind2=" " tag="300"><subfield code="a">4 v.</subfield></datafield><datafield ind1=" " ind2=" " tag="310"><subfield code="a">Weekly</subfield></datafield><datafield ind1="0" ind2=" " tag="362"><subfield code="a">57th year, no. 52 (June 3, 1920)-60th year, no. 16 (Sept. 14, 1922) = 51st year, no. 36-53rd year, no. 37.</subfield></datafield><datafield ind1=" " ind2=" " tag="515"><subfield code="a">Continues the numbering of both preceding titles; numbered also within the year.</subfield></datafield><datafield ind1=" " ind2=" " tag="752"><subfield code="a">United States</subfield><subfield code="b">Iowa</subfield><subfield code="c">Davis</subfield><subfield code="d">Bloomfield.</subfield></datafield><datafield ind1="0" ind2="4" tag="780"><subfield code="t">Davis County Republican (Bloomfield, Iowa : 1905)</subfield><subfield code="w">(DLC)sn 86061049</subfield></datafield><datafield ind1="0" ind2="4" tag="780"><subfield code="t">Bloomfield Democrat (Bloomfield, Iowa : 1869)</subfield><subfield code="w">(DLC)sn 84038057</subfield></datafield><datafield ind1="0" ind2="6" tag="785"><subfield code="t">Davis County Republican (Bloomfield, Iowa : 1922)</subfield><subfield code="w">(DLC)sn 86061205</subfield></datafield><datafield ind1="0" ind2="6" tag="785"><subfield code="t">Bloomfield Democrat (Bloomfield, Iowa : 1922)</subfield><subfield code="w">(DLC)sn 86061051</subfield></datafield></record>